<?xml version="1.0" encoding="UTF-8"?><collection xmlns="http://www.loc.gov/MARC21/slim"><record><leader>00657nam--2200181-u-4500</leader><controlfield tag="001">000053294</controlfield><controlfield tag="002">20161230</controlfield><controlfield tag="005">20161230201051</controlfield><controlfield tag="008">110119s1000------------r-----000-0-fre-d</controlfield><datafield ind1=" " ind2=" " tag="040"><subfield code="a">IFIN-HH</subfield></datafield><datafield ind1=" " ind2=" " tag="041"><subfield code="a">fre</subfield></datafield><datafield ind1=" " ind2=" " tag="080"><subfield code="a">535.51(043):539.184.5(043)</subfield></datafield><datafield ind1="1" ind2=" " tag="100"><subfield code="a">Valance, Antoine</subfield></datafield><datafield ind1="1" ind2="0" tag="245"><subfield code="a">PRODUCTION D'ATOMES METASTABLES H(2S) RAPIDES (0.25 - 3keV) SUR CIBLE DE Cs; DETECTION DU RAYONNEMENT LYMAN ALFA INDUIT PAR EFFET STARK: POLARISATION DESTRUCTION DES ATOMES H(2S) SUR CIBLE D'ACIDE IODHYDRIQUE</subfield><subfield code="b">These</subfield><subfield code="c">Antoine valance</subfield></datafield><datafield ind1=" " ind2=" " tag="260"><subfield code="a">Orsay</subfield><subfield code="b">Universite De Paris-sud</subfield><subfield code="c">1974</subfield></datafield><datafield ind1=" " ind2=" " tag="300"><subfield code="a">166P</subfield></datafield><datafield ind1=" " ind2=" " tag="852"><subfield code="a">43404</subfield><subfield code="c">535</subfield></datafield><datafield ind1=" " ind2=" " tag="CAT"><subfield code="a">Sys</subfield><subfield code="c">20110119</subfield><subfield code="h">161240</subfield></datafield></record></collection>